@MISC{para2,
title = {Langevin equation},
howpublished={\url{https://www.sciencedirect.com/topics/chemistry/langevin-equation}}
}

@MISC{para3,
title = {Brownian forces},
howpublished={\url{http://jeti.uni-freiburg.de/studenten_seminar/term_paper_WS_18_19/Zwanzig01.pdf}}
}

@MISC{imp,
title = {Applications},
howpublished={\url{https://en.wikipedia.org/wiki/Langevin_equation}}
}

@MISC{pic,
title = {Brownian motion},
howpublished={\url{http://www.cs4fn.org/physics/simulatebrownianmotion.php}}
}