@MISC{pic,
author = {},
title = {},
month = Oct,
year = {},
howpublished={\url{http://hyperphysics.phy-astr.gsu.edu/hbase/magnetic/Hall.html}}
}
@MISC{weblink,
author = {},
title = {},
month = Oct,
year = {},
howpublished={\url{http://hyperphysics.phy-astr.gsu.edu/hbase/magnetic/Hall.html}}
}
