@MISC{picture,
author = {Jack Mankin},
title = {Van der Waals gas},
month = {June},
year = {2020},
howpublished={\url{https://in.pinterest.com/pin/504473595742599748/}}
}
@MISC{website,
author = {},
title = {Van der Waal's equation},
month = {May},
year = {2021},
howpublished={\url{https://en.wikipedia.org/wiki/Van_der_Waals_equation}}
}
